@book{breiman1984classification,
  title={Classification and regression trees},
  author={Breiman, Leo and Friedman, Jerome and Stone, Charles J and Olshen, Richard A},
  year={1984},
  publisher={CRC press}
}

@article{quinlan1987simplifying,
  title={Simplifying decision trees},
  author={Quinlan, J. Ross},
  journal={International journal of man-machine studies},
  volume={27},
  number={3},
  pages={221--234},
  year={1987},
  publisher={Elsevier}
}

@article{breiman1996bagging,
  title={Bagging predictors},
  author={Breiman, Leo},
  journal={Machine learning},
  volume={24},
  number={2},
  pages={123--140},
  year={1996},
  publisher={Springer}
}

@article{amit1997shape,
  title={Shape quantization and recognition with randomized trees},
  author={Amit, Yali and Geman, Donald},
  journal={Neural computation},
  volume={9},
  number={7},
  pages={1545--1588},
  year={1997},
  publisher={MIT Press}
}

@article{esposito1997comparative,
  title={A comparative analysis of methods for pruning decision trees},
  author={Esposito, Floriana and Malerba, Donato and Semeraro, Giovanni and Kay, J},
  journal={IEEE transactions on pattern analysis and machine intelligence},
  volume={19},
  number={5},
  pages={476--491},
  year={1997},
  publisher={IEEE}
}

@article{ho1998random,
  title={The random subspace method for constructing decision forests},
  author={Ho, Tin Kam},
  journal={IEEE transactions on pattern analysis and machine intelligence},
  volume={20},
  number={8},
  pages={832--844},
  year={1998},
  publisher={IEEE}
}

@article{wolpert1999efficient,
  title={An efficient method to estimate bagging's generalization error},
  author={Wolpert, David H and Macready, William G},
  journal={Machine Learning},
  volume={35},
  number={1},
  pages={41--55},
  year={1999},
  publisher={Springer}
}

@article{breiman2001random,
  title={Random forests},
  author={Breiman, Leo},
  journal={Machine learning},
  volume={45},
  number={1},
  pages={5--32},
  year={2001},
  publisher={Springer}
}

@article{biau2012analysis,
  title={Analysis of a random forests model},
  author={Biau, G{\~A}{\v{S}}rard},
  journal={Journal of Machine Learning Research},
  volume={13},
  number={Apr},
  pages={1063--1095},
  year={2012}
}

@article{scornet2015consistency,
  title={Consistency of random forests},
  author={Scornet, Erwan and Biau, G{\'e}rard and Vert, Jean-Philippe and others},
  journal={The Annals of Statistics},
  volume={43},
  number={4},
  pages={1716--1741},
  year={2015},
  publisher={Institute of Mathematical Statistics}
}

@article{scornet2016asymptotics,
  title={On the asymptotics of random forests},
  author={Scornet, Erwan},
  journal={Journal of Multivariate Analysis},
  volume={146},
  pages={72--83},
  year={2016},
  publisher={Elsevier}
}

@article{biau2016random,
  title={A random forest guided tour},
  author={Biau, G{\'e}rard and Scornet, Erwan},
  journal={Test},
  volume={25},
  number={2},
  pages={197--227},
  year={2016},
  publisher={Springer}
}

@book{criminisi2013decision,
  title={Decision forests for computer vision and medical image analysis},
  author={Criminisi, Antonio and Shotton, Jamie},
  year={2013},
  publisher={Springer Science \& Business Media}
}

@article{archambeau2007robust,
  title={Robust bayesian clustering},
  author={Archambeau, C{\'e}dric and Verleysen, Michel},
  journal={Neural Networks},
  volume={20},
  number={1},
  pages={129--138},
  year={2007},
  publisher={Elsevier}
}

@inproceedings{viola2001rapid,
  title={Rapid object detection using a boosted cascade of simple features},
  author={Viola, Paul and Jones, Michael},
  booktitle={Computer Vision and Pattern Recognition, 2001. CVPR 2001. Proceedings of the 2001 IEEE Computer Society Conference on},
  volume={1},
  pages={I--511},
  year={2001},
  organization={IEEE}
}

@inproceedings{shotton2008semantic,
  title={Semantic texton forests for image categorization and segmentation},
  author={Shotton, Jamie and Johnson, Matthew and Cipolla, Roberto},
  booktitle={Computer vision and pattern recognition, 2008. CVPR 2008. IEEE Conference on},
  pages={1--8},
  year={2008},
  organization={IEEE}
}

@article{shotton2009textonboost,
  title={Textonboost for image understanding: Multi-class object recognition and segmentation by jointly modeling texture, layout, and context},
  author={Shotton, Jamie and Winn, John and Rother, Carsten and Criminisi, Antonio},
  journal={International Journal of Computer Vision},
  volume={81},
  number={1},
  pages={2--23},
  year={2009},
  publisher={Springer}
}

@article{gall2011hough,
  title={Hough forests for object detection, tracking, and action recognition},
  author={Gall, Juergen and Yao, Angela and Razavi, Nima and Van Gool, Luc and Lempitsky, Victor},
  journal={IEEE transactions on pattern analysis and machine intelligence},
  volume={33},
  number={11},
  pages={2188--2202},
  year={2011},
  publisher={IEEE}
}

@inproceedings{tu2008auto,
  title={Auto-context and its application to high-level vision tasks},
  author={Tu, Zhuowen},
  booktitle={Computer Vision and Pattern Recognition, 2008. CVPR 2008. IEEE Conference on},
  pages={1--8},
  year={2008},
  organization={IEEE}
}

@article{tu2010auto,
  title={Auto-context and its application to high-level vision tasks and {3D} brain image segmentation},
  author={Tu, Zhuowen and Bai, Xiang},
  journal={IEEE Transactions on Pattern Analysis and Machine Intelligence},
  volume={32},
  number={10},
  pages={1744--1757},
  year={2010},
  publisher={IEEE}
}

@inproceedings{zikic2012decision,
  title={Decision forests for tissue-specific segmentation of high-grade gliomas in multi-channel {MR}},
  author={Zikic, Darko and Glocker, Ben and Konukoglu, Ender and Criminisi, Antonio and Demiralp, C and Shotton, Jamie and Thomas, OM and Das, T and Jena, R and Price, SJ},
  booktitle={International Conference on Medical Image Computing and Computer-Assisted Intervention},
  pages={369--376},
  year={2012},
  organization={Springer}
}

@article{criminisi2013regression,
  title={Regression forests for efficient anatomy detection and localization in computed tomography scans},
  author={Criminisi, Antonio and Robertson, Duncan and Konukoglu, Ender and Shotton, Jamie and Pathak, Sayan and White, Steve and Siddiqui, Khan},
  journal={Medical image analysis},
  volume={17},
  number={8},
  pages={1293--1303},
  year={2013},
  publisher={Elsevier}
}

@inproceedings{konukoglu2012neighbourhood,
  title={Neighbourhood approximation forests},
  author={Konukoglu, Ender and Glocker, Ben and Zikic, Darko and Criminisi, Antonio},
  booktitle={International Conference on Medical Image Computing and Computer-Assisted Intervention},
  pages={75--82},
  year={2012},
  organization={Springer}
}

@article{konukoglu2013neighbourhood,
  title={Neighbourhood approximation using randomized forests},
  author={Konukoglu, Ender and Glocker, Ben and Zikic, Darko and Criminisi, Antonio},
  journal={Medical image analysis},
  volume={17},
  number={7},
  pages={790--804},
  year={2013},
  publisher={Elsevier}
}

@article{conjeti2016metric,
  title={Metric Hashing Forests},
  author={Conjeti, Sailesh and Katouzian, Amin and Kazi, Anees and Mesbah, Sepideh and Beymer, David and Syeda-Mahmood, Tanveer F and Navab, Nassir},
  journal={Medical Image Analysis},
  year={2016},
  publisher={Elsevier}
}

@inproceedings{montillo2011entangled,
  title={Entangled decision forests and their application for semantic segmentation of {CT} images},
  author={Montillo, Albert and Shotton, Jamie and Winn, John and Iglesias, Juan Eugenio and Metaxas, Dimitri and Criminisi, Antonio},
  booktitle={Biennial International Conference on Information Processing in Medical Imaging},
  pages={184--196},
  year={2011},
  organization={Springer}
}

@inproceedings{kontschieder2012context,
  title={Context-sensitive decision forests for object detection},
  author={Kontschieder, Peter and Bul{\`o}, Samuel R and Criminisi, Antonio and Kohli, Pushmeet and Pelillo, Marcello and Bischof, Horst},
  booktitle={Advances in neural information processing systems},
  pages={431--439},
  year={2012}
}

@inproceedings{kontschieder2013geof,
  title={GeoF: Geodesic forests for learning coupled predictors},
  author={Kontschieder, Peter and Kohli, Pushmeet and Shotton, Jamie and Criminisi, Antonio},
  booktitle={Proceedings of the IEEE Conference on Computer Vision and Pattern Recognition},
  pages={65--72},
  year={2013}
}

@article{geremia2011spatial,
  title={Spatial decision forests for {MS} lesion segmentation in multi-channel magnetic resonance images},
  author={Geremia, Ezequiel and Clatz, Olivier and Menze, Bjoern H and Konukoglu, Ender and Criminisi, Antonio and Ayache, Nicholas},
  journal={NeuroImage},
  volume={57},
  number={2},
  pages={378--390},
  year={2011},
  publisher={Elsevier}
}

@inproceedings{pauly2011fast,
  title={Fast multiple organ detection and localization in whole-body MR Dixon sequences},
  author={Pauly, Olivier and Glocker, Ben and Criminisi, Antonio and Mateus, Diana and M{\"o}ller, Axel Martinez and Nekolla, Stephan and Navab, Nassir},
  booktitle={International Conference on Medical Image Computing and Computer-Assisted Intervention},
  pages={239--247},
  year={2011},
  organization={Springer}
}

@inproceedings{cuingnet2012automatic,
  title={Automatic detection and segmentation of kidneys in {3D} {CT} images using random forests},
  author={Cuingnet, R{\'e}mi and Prevost, Raphael and Lesage, David and Cohen, Laurent D and Mory, Beno{\^\i}t and Ardon, Roberto},
  booktitle={International Conference on Medical Image Computing and Computer-Assisted Intervention},
  pages={66--74},
  year={2012},
  organization={Springer}
}

@article{tustison2013ants,
  title={Ants andarboles},
  author={Tustison, Nick and Wintermark, Max and Durst, Chris and Avants, Brian},
  journal={Multimodal Brain Tumor Segmentation},
  pages={47},
  year={2013}
}

@inproceedings{geremia2013spatially,
  title={Spatially adaptive random forests},
  author={Geremia, Ezequiel and Menze, Bjoern H and Ayache, Nicholas},
  booktitle={2013 IEEE 10th International Symposium on Biomedical Imaging},
  pages={1344--1347},
  year={2013},
  organization={IEEE}
}

@article{mahapatra2014prostate,
  title={Prostate {MRI} segmentation using learned semantic knowledge and graph cuts},
  author={Mahapatra, Dwarikanath and Buhmann, Joachim M},
  journal={IEEE Transactions on Biomedical Engineering},
  volume={61},
  number={3},
  pages={756--764},
  year={2014},
  publisher={IEEE}
}

@article{lozoya2015local,
  title={Local late gadolinium enhancement features to identify the electrophysiological substrate of post-infarction ventricular tachycardia: a machine learning approach},
  author={Lozoya, Rocio Cabrera and Margeta, Jan and Le Folgoc, Loic and Komatsu, Yuki and Berte, Benjamin and Relan, Jatin S and Cochet, Hubert and Ha{\"\i}ssaguerre, Michel and Ja{\"\i}s, Pierre and Ayache, Nicholas and others},
  journal={Journal of Cardiovascular Magnetic Resonance},
  volume={17},
  number={1},
  pages={1},
  year={2015},
  publisher={BioMed Central}
}

@article{tustison2015optimal,
  title={Optimal symmetric multimodal templates and concatenated random forests for supervised brain tumor segmentation (simplified) with ANTsR},
  author={Tustison, Nicholas J and Shrinidhi, KL and Wintermark, Max and Durst, Christopher R and Kandel, Benjamin M and Gee, James C and Grossman, Murray C and Avants, Brian B},
  journal={Neuroinformatics},
  volume={13},
  number={2},
  pages={209--225},
  year={2015},
  publisher={Springer}
}

@inproceedings{lay2013rapid,
  title={Rapid multi-organ segmentation using context integration and discriminative models},
  author={Lay, Nathan and Birkbeck, Neil and Zhang, Jingdan and Zhou, S Kevin},
  booktitle={International Conference on Information Processing in Medical Imaging},
  pages={450--462},
  year={2013},
  organization={Springer}
}

@inproceedings{zikic2013atlas,
  title={Atlas encoding by randomized forests for efficient label propagation},
  author={Zikic, Darko and Glocker, Ben and Criminisi, Antonio},
  booktitle={International Conference on Medical Image Computing and Computer-Assisted Intervention},
  pages={66--73},
  year={2013},
  organization={Springer}
}

@inproceedings{shotton2013decision,
  title={Decision jungles: Compact and rich models for classification},
  author={Shotton, Jamie and Sharp, Toby and Kohli, Pushmeet and Nowozin, Sebastian and Winn, John and Criminisi, Antonio},
  booktitle={Advances in Neural Information Processing Systems},
  pages={234--242},
  year={2013}
}

@inproceedings{lombaert2014laplacian,
  title={Laplacian forests: semantic image segmentation by guided bagging},
  author={Lombaert, Herve and Zikic, Darko and Criminisi, Antonio and Ayache, Nicholas},
  booktitle={International Conference on Medical Image Computing and Computer-Assisted Intervention},
  pages={496--504},
  year={2014},
  organization={Springer}
}

@article{zhang2016concatenated,
  title={Concatenated spatially-localized random forests for hippocampus labeling in adult and infant {MR} brain images},
  author={Zhang, Lichi and Wang, Qian and Gao, Yaozong and Wu, Guorong and Shen, Dinggang},
  journal={Neurocomputing},
  year={2016},
  publisher={Elsevier}
}

@inproceedings{long2009adaptive,
  title={Adaptive martingale boosting},
  author={Long, Phil and Servedio, Rocco},
  booktitle={Advances in Neural Information Processing Systems},
  pages={977--984},
  year={2009}
}

@article{long2010random,
  title={Random classification noise defeats all convex potential boosters},
  author={Long, Philip M and Servedio, Rocco A},
  journal={Machine Learning},
  volume={78},
  number={3},
  pages={287--304},
  year={2010},
  publisher={Springer}
}

@inproceedings{schulter2013alternating,
  title={Alternating decision forests},
  author={Schulter, Samuel and Wohlhart, Paul and Leistner, Christian and Saffari, Amir and Roth, Peter M and Bischof, Horst},
  booktitle={Proceedings of the IEEE Conference on Computer Vision and Pattern Recognition},
  pages={508--515},
  year={2013}
}

@article{okada2015abdominal,
  title={Abdominal multi-organ segmentation from CT images using conditional shape--location and unsupervised intensity priors},
  author={Okada, Toshiyuki and Linguraru, Marius George and Hori, Masatoshi and Summers, Ronald M and Tomiyama, Noriyuki and Sato, Yoshinobu},
  journal={Medical image analysis},
  volume={26},
  number={1},
  pages={1--18},
  year={2015},
  publisher={Elsevier}
}

@inproceedings{zografos2015hierarchical,
  title={Hierarchical multi-organ segmentation without registration in {3D} abdominal {CT} images},
  author={Zografos, Vasileios and Valentinitsch, Alexander and Rempfler, Markus and Tombari, Federico and Menze, Bjoern},
  booktitle={MCV workshop (MICCAI 2015)},
  year={2015}
}

@inproceedings{conze2015semi,
  title={Semi-automatic liver tumor segmentation in dynamic contrast-enhanced {CT} scans using random forests and supervoxels},
  author={Conze, Pierre-Henri and Rousseau, Fran{\c{c}}ois and Noblet, Vincent and Heitz, Fabrice and Memeo, Riccardo and Pessaux, Patrick},
  booktitle={International Workshop on Machine Learning in Medical Imaging},
  pages={212--219},
  year={2015},
  organization={Springer}
}

@article{gauriau2015multi,
  title={Multi-organ localization with cascaded global-to-local regression and shape prior},
  author={Gauriau, Romane and Cuingnet, R{\'e}mi and Lesage, David and Bloch, Isabelle},
  journal={Medical image analysis},
  volume={23},
  number={1},
  pages={70--83},
  year={2015},
  publisher={Elsevier}
}

@article{menze2015multimodal,
  title={The Multimodal Brain Tumor Image Segmentation Benchmark (BRATS)},
  author={Menze, Bjoern and Jakab, Andras and Bauer, Stefan and Kalpathy-Cramer, Jayashree and Farahani, Keyvan and Kirby, Justin and Burren, Yuliya and Porz, Nicole and Slotboom, Johannes and Wiest, Roland and others},
  journal={IEEE Transactions on Medical Imaging},
  volume={34},
  number={10},
  pages={1993--2024},
  year={2015}
}

@article{cordier2015patch,
  title={A patch-based approach for the segmentation of pathologies: Application to glioma labelling},
  author={Cordier, Nicolas and Delingette, Herv{\'e} and Ayache, Nicholas},
  journal={IEEE Transactions on Medical Imaging},
  volume={35},
  number={4},
  year={2015},
  publisher={IEEE}
}

@inproceedings{pereira2015deep,
  title={Deep convolutional neural networks for the segmentation of gliomas in multi-sequence MRI},
  author={Pereira, S{\'e}rgio and Pinto, Adriano and Alves, Victor and Silva, Carlos A},
  booktitle={International Workshop on Brainlesion: Glioma, Multiple Sclerosis, Stroke and Traumatic Brain Injuries},
  pages={131--143},
  year={2015},
  organization={Springer}
}

@article{kamnitsas2016efficient,
  title={Efficient Multi-Scale 3D CNN with Fully Connected CRF for Accurate Brain Lesion Segmentation},
  author={Kamnitsas, Konstantinos and Ledig, Christian and Newcombe, Virginia FJ and Simpson, Joanna P and Kane, Andrew D and Menon, David K and Rueckert, Daniel and Glocker, Ben},
  journal={arXiv preprint arXiv:1603.05959},
  year={2016}
}

@article{Quinlan:1989,
 author = {Quinlan, J. R. and Rivest, R. L.},
 title = {Inferring Decision Trees Using the Minimum Description Length Principle},
 journal = {Inf. Comput.},
 volume = {80},
 number = {3},
 month = {March},
 year = {1989},
 issn = {0890-5401},
 pages = {227--248},
}

@inproceedings{MehtaEtAl:95,
  author = {Mehta, M. and Rissanen, J. and Agrawal, R.},
  booktitle = {Proceedings of the International Conference on Knowledge Discovery and Data Mining (KDD'95)},
  keywords = {Classification, Data Decision-Trees, MDL Mining,},
  month = {August},
  pages = {216--221},
  title = {{MDL}-Based Decision Tree Pruning},
  year = {1995}
}

@article{ForsythCW94,
  author = {Richard S. Forsyth and David D. Clarke and Richard L. Wright},
  title = {Overfitting revisited: an information-theoretic approach to simplifying discrimination trees},
  journal = {Journal of Experimental \& Theoretical Artificial Intelligence},
  volume = {6},
  number = {3},
  pages = {289-302},
  year = {1994}
}

@inproceedings{Bosch07a,
  author       = "Bosch, A. and Zisserman, A. and Munoz, X.",
  title        = "Image Classification using Random Forests and Ferns",
  booktitle    = "IEEE International Conference on Computer Vision",
  year         = "2007",
}

@inproceedings{Lempitsky:2009,
 author = {Lempitsky, Victor and Verhoek, Michael and Noble, J. Alison and Blake, Andrew},
 title = {Random forest classification for automatic delineation of myocardium in real-time {3D} echocardiography},
 booktitle = {Proceedings of the 5th International Conference on Functional Imaging and Modeling of the Heart},
 series = {FIMH '09},
 year = {2009},
 location = {Nice, France},
 pages = {447--456},
 numpages = {10},
 publisher = {Springer-Verlag},
 address = {Berlin, Heidelberg},
}

@article{yaqub2014investigation,
  title={Investigation of the role of feature selection and weighted voting in random forests for 3-D volumetric segmentation},
  author={Yaqub, Mohammad and Javaid, M Kassim and Cooper, Cyrus and Noble, J Alison},
  journal={IEEE transactions on medical imaging},
  volume={33},
  number={2},
  pages={258--271},
  year={2014},
  publisher={IEEE}
}

@inproceedings{yaqub2015guided,
  title={Guided Random Forests for Identification of Key Fetal Anatomy and Image Categorization in Ultrasound Scans},
  author={Yaqub, Mohammad and Kelly, Brenda and Papageorghiou, AT and Noble, J Alison},
  booktitle={International Conference on Medical Image Computing and Computer-Assisted Intervention},
  pages={687--694},
  year={2015},
  organization={Springer}
}

@inproceedings{yaqub2014constrained,
  title={A constrained regression forests solution to 3d fetal ultrasound plane localization for longitudinal analysis of brain growth and maturation},
  author={Yaqub, Mohammad and Kopuri, Anil and Rueda, Sylvia and Sullivan, Peter B and McCormick, Kenneth and Noble, J Alison},
  booktitle={International Workshop on Machine Learning in Medical Imaging},
  pages={109--116},
  year={2014},
  organization={Springer}
}


@article{donner2013global,
  title={Global localization of 3D anatomical structures by pre-filtered Hough Forests and discrete optimization},
  author={Donner, Ren{\'e} and Menze, Bjoern H and Bischof, Horst and Langs, Georg},
  journal={Medical image analysis},
  volume={17},
  number={8},
  pages={1304--1314},
  year={2013},
  publisher={Elsevier}
}

@inproceedings{milletari2015robust,
  title={Robust Segmentation of Various Anatomies in 3D Ultrasound Using Hough Forests and Learned Data Representations},
  author={Milletari, Fausto and Ahmadi, Seyed-Ahmad and Kroll, Christine and Hennersperger, Christoph and Tombari, Federico and Shah, Amit and Plate, Annika and Boetzel, Kai and Navab, Nassir},
  booktitle={International Conference on Medical Image Computing and Computer-Assisted Intervention},
  pages={111--118},
  year={2015},
  organization={Springer}
}

@article{lindner2015robust,
  title={Robust and accurate shape model matching using random forest regression-voting},
  author={Lindner, Claudia and Bromiley, Paul A and Ionita, Mircea C and Cootes, Tim F},
  journal={IEEE transactions on pattern analysis and machine intelligence},
  volume={37},
  number={9},
  pages={1862--1874},
  year={2015},
  publisher={IEEE}
}

@article{menze2016generative,
  title={A Generative Probabilistic Model and Discriminative Extensions for Brain Lesion Segmentation—With Application to Tumor and Stroke},
  author={Menze, Bjoern H and Van Leemput, Koen and Lashkari, Danial and Riklin-Raviv, Tammy and Geremia, Ezequiel and Alberts, Esther and Gruber, Philipp and Wegener, Susanne and Weber, Marc-Andr{\'e} and Sz{\'e}kely, Gabor and others},
  journal={IEEE transactions on medical imaging},
  volume={35},
  number={4},
  pages={933--946},
  year={2016},
  publisher={IEEE}
}

@article{zhang2001segmentation,
  title={Segmentation of brain MR images through a hidden Markov random field model and the expectation-maximization algorithm},
  author={Zhang, Yongyue and Brady, Michael and Smith, Stephen},
  journal={IEEE transactions on medical imaging},
  volume={20},
  number={1},
  pages={45--57},
  year={2001},
  publisher={IEEE}
}

@inproceedings{menze2010generative,
  title={A generative model for brain tumor segmentation in multi-modal images},
  author={Menze, Bjoern H and Van Leemput, Koen and Lashkari, Danial and Weber, Marc-Andr{\'e} and Ayache, Nicholas and Golland, Polina},
  booktitle={International Conference on Medical Image Computing and Computer-Assisted Intervention},
  pages={151--159},
  year={2010},
  organization={Springer}
}

@article{tustison2009n4itk,
  title={N4ITK: Nick’s N3 ITK implementation for MRI bias field correction},
  author={Tustison, N and Gee, J},
  journal={Insight Journal},
  year={2009},
  publisher={Citeseer}
}
